 @misc{ wiki:QMhist,
   author = "{Wikipedia contributors}",
   title = "History of quantum mechanics --- {W}ikipedia{,} The Free Encyclopedia",
   year = "2021",
   howpublished = {\url{https://en.wikipedia.org/wiki/History_of_quantum_mechanics}},
   note = "[Online; accessed 04-May-2021]"
 }
 @misc{ wiki:QM,
   author = "{Wikipedia contributors}",
   title = "Quantum mechanics --- {W}ikipedia{,} The Free Encyclopedia",
   year = "2021",
   howpublished = {\url{https://en.wikipedia.org/wiki/Quantum_mechanics}},
   note = "[Online; accessed 04-May-2021]"
 }
 @misc{ wiki:FineStructure,
   author = "{Wikipedia contributors}",
   title = "Fine structure --- {W}ikipedia{,} The Free Encyclopedia",
   year = "2021",
   howpublished = {\url{https://en.wikipedia.org/wiki/Fine_structure}},
   note = "[Online; accessed 04-May-2021]"
 }
@misc{ wiki:HyperfineStructure,
   author = "{Wikipedia contributors}",
   title = "Hyperfine structure --- {W}ikipedia{,} The Free Encyclopedia",
   year = "2021",
   howpublished = {\url{https://en.wikipedia.org/wiki/Hyperfine_structure}},
   note = "[Online; accessed 04-May-2021]"
 }
@misc{ wiki:SpinOrbitInteraction,
   author = "{Wikipedia contributors}",
   title = "Spin–orbit interaction --- {W}ikipedia{,} The Free Encyclopedia",
   year = "2021",
   howpublished = {\url{https://en.wikipedia.org/wiki/Spin–orbit_interaction}},
   note = "[Online; accessed 14-May-2021]"
 }
@misc{ gatech,
    author = "Georgia Tech",
    title = "Measuring the Hyperfine Levels of Rubidium Using Saturated Absorption Spectroscopy",
    howpublished = {\url{https://advancedlab.physics.gatech.edu/labs/SaturationSpectroscopy/SatSpecManual.pdf}}
}
@misc{ teachspin,
    author = "TeachSpin",
    title = "Diode Laser Spectroscopy",
    howpublished = {\url{https://www.teachspin.com/diode-laser-spectroscopy}}
}
@misc{ spectroscopy_applications,
    author = "Dr. Tomislav Me\v{s}trovi\'{c}",
    title = "Spectroscopy Applications",
    howpublished = {\url{https://www.news-medical.net/life-sciences/Spectroscopy-Applications.aspx}}
}
@misc{ pasco,
    author = "Pasco",
    title = "What is Spectroscopy?",
    howpublished = {\url{https://www.pasco.com/products/guides/what-is-spectroscopy}}
}