@misc{ wiki:HG,
author = "{Wikipedia contributors}",
title = "Gaussian beam --- {W}ikipedia{,} The Free Encyclopedia",
year = "2021",
howpublished = {\url{https://en.wikipedia.org/wiki/Gaussian_beam}},
note = "[Online; accessed 25-Oct-2021]"
}