@misc{floridalab,
    author = "University of Florida",
    title = "Chaotic Pendulum",
    howpublished = {\url{https://www.phys.ufl.edu/courses/phy4803L/group_V/chaos/Chaos.pdf}}
}
@misc{pascolab,
    author = "Ann Hanks",
    title = "Chaos EX-9907",
    publisher = "Pasco"
},

@article{weather,
title = {Deterministic Nonperiodic Flow},
author = {Lorenz, Edward N},
journal = {Journal of Atmospheric Sciences},
volume = {20},
pages = {130-141},
year = {1963},
},

@article{History,
title = {Circe January 1961: Lorenz and the Butterfly Effect},
journal = {APS News},
Volume = {12},
year = {2003},
publisher = {American physical Society},
},

@article{chemistry,
title = {Prediction of gas solubility in polymers by back propagation artificial neural network based on self-adaptive particle swarm optimization algorithm and chaos theory},
author = {Li, Mengshan and Huang, Xingyuan and Liu, Hesheng and Liu, BingXiang and Wu, Yan and Xiong, Aihua and Dong Tianwen},
journal = {Fluid Phase Equilibira},
volume = {356},
pages = {11-17},
},

@article{economics,
title = {RQA correlations on real business cycles time series},
author = {Orlando, Giuseppe and Zimatore, Giovanna},
journal = {Indian Academy of Sciences Conference Series},
volume = {1},
pages = {35-41},
year = {2016}
},

@Book{Strogatz,
author = {Strogatz, Steven H.},
year = {1994},
title = {Nonlinear Dynamics and Chaos: With Applications to Physics, Biology, Chemistry, and Engineering},
publisher = {Perseus Book Publishing, L.L.C.}
}