@misc{ photon_counting,
author = "Excelitas",
title = "SPCM-AQRH",
howpublished = {\url{https://www.excelitas.com/product/spcm-aqrh#documentation}},
note = "[Online; accessed 02-Dec-2021]"
}
@article{coincident_counter,
author = {Branning,D.  and Khanal,S.  and Shin,Y. H.  and Clary,B.  and Beck,M. },
title = {Note: Scalable multiphoton coincidence-counting electronics},
journal = {Review of Scientific Instruments},
volume = {82},
number = {1},
pages = {016102},
year = {2011},
doi = {10.1063/1.3524571},

URL = { 
        https://doi.org/10.1063/1.3524571
    
},
eprint = { 
        https://doi.org/10.1063/1.3524571
    
}

}
@article{D_M,
author = {Dehlinger,Dietrich  and Mitchell,M. W. },
title = {Entangled photons, nonlocality, and Bell inequalities in the undergraduate laboratory},
journal = {American Journal of Physics},
volume = {70},
number = {9},
pages = {903-910},
year = {2002},
doi = {10.1119/1.1498860},

URL = { 
        https://doi.org/10.1119/1.1498860
    
},
eprint = { 
        https://doi.org/10.1119/1.1498860
    
}

}
@article{T_N,
author = {Thorn,J. J.  and Neel,M. S.  and Donato,V. W.  and Bergreen,G. S.  and Davies,R. E.  and Beck,M. },
title = {Observing the quantum behavior of light in an undergraduate laboratory},
journal = {American Journal of Physics},
volume = {72},
number = {9},
pages = {1210-1219},
year = {2004},
doi = {10.1119/1.1737397},

URL = { 
        https://doi.org/10.1119/1.1737397
    
},
eprint = { 
        https://doi.org/10.1119/1.1737397
    
}

}
@misc{ labview,
author = "M. Beck",
title = "LabView vi's",
howpublished = {\url{http://people.whitman.edu/~beckmk/QM/labview/labview.html}},
note = "[Online; accessed 02-Dec-2021]"
}
@misc{ picoquant,
author = "PicoQuant",
title = "Quantum Optics",
howpublished = {\url{https://www.picoquant.com/applications/category/quantum-optics}},
note = "[Online; accessed 02-Dec-2021]"
}
@misc{ koch,
author = "Jens Koch",
title = "Jens Koch Research Group",
howpublished = {\url{https://sites.northwestern.edu/koch/}},
note = "[Online; accessed 02-Dec-2021]"
}
