@misc{ laser,
author = "JDS Uniphase",
title = "Helium-Neon Laser Heads: 1100 Series",
howpublished = {\url{https://www.utwente.nl/en/tnw/slt/documentation/Equipment/Lasers/helium_neonlaserheads_1100s.pdf}},
note = "[Online; accessed 28-Oct-2021]"
}
@misc{ camera,
author = "Sony",
title = "Manuals for ILCE-7S",
howpublished = {\url{https://www.sony.com/electronics/support/e-mount-body-ilce-7-series/ilce-7s/manuals}},
note = "[Online; accessed 28-Oct-2021]"
}
@misc{ pix_size,
author = "Imaging Resource",
title = "Sony A7S Specifications",
howpublished = {\url{https://www.imaging-resource.com/PRODS/sony-a7s/sony-a7sDAT.HTM}},
note = "[Online; accessed 28-Oct-2021]"
}

@article{brown1969computer,
  title={Computer-generated binary holograms},
  author={Brown, BR and Lohmann, AW},
  journal={IBM Journal of research and Development},
  volume={13},
  number={2},
  pages={160--168},
  year={1969},
  publisher={IBM}
}

@article{feichtenhofer2013perceptual,
  title={A perceptual image sharpness metric based on local edge gradient analysis},
  author={Feichtenhofer, Christoph and Fassold, Hannes and Schallauer, Peter},
  journal={IEEE Signal Processing Letters},
  volume={20},
  number={4},
  pages={379--382},
  year={2013},
  publisher={IEEE}
}

@book{tyson2014principles,
  title={Principles and applications of Fourier optics},
  author={Tyson, Robert K},
  year={2014},
  publisher={IOP Publishing, Bristol, UK}
}

@article{winograd1978computing,
  title={On computing the discrete Fourier transform},
  author={Winograd, Shmuel},
  journal={Mathematics of computation},
  volume={32},
  number={141},
  pages={175--199},
  year={1978}
}