@article{doi:10.1119/1.2386163,
author = "Jia,Dongdong  and Hamilton,Jonathan  and Zaman,Lenu M.  and Goonewardene,Anura",
title = "The time, size, viscosity, and temperature dependence of the Brownian motion of polystyrene microspheres",
journal = "American Journal of Physics",
volume = {75},
number = {2},
pages = {111-115},
year = {2007},
note = "
    \url{https://doi.org/10.1119/1.2386163}
"
}
@article{econ,
author = "Angeliki Ermogenous",
title = "Brownian Motion and Its Applications In The Stock Market",
journal = "Undergraduate Mathematics Day: Proceedings and Other Materials",
year = {2006},
note = "
    \url{https://ecommons.udayton.edu/mth_epumd/15/}
"
}
@misc{nano,
author = "Jason Holden and Kevin Kelly",
title = "Nanotechnology: Content and Context: 2.2 Brownian Motion",
note = "
    \url{https://cnx.org/contents/ozbioN5l@1.4:9ZteFgZF@3/Brownian-Motion}
"
}
@misc{trackpy,
title = "TrackPy: Walkthrough",
note = "
    \url{http://soft-matter.github.io/trackpy/v0.5.0/tutorial/walkthrough.html}
"
}